@article{Palen2008a,
abstract = {By Leysia Palen inquiry within our larger research focus on crisis informatics, one that examines information generation and dissemination activities by members of the public, which is playing an increasingly critical role across all phases of disaster. 1 As social.},
author = {Palen, Leysia},
file = {:Users/Research/Dropbox/2. University/1. DPhil/Mendeley Library/Palen/Palen - 2008 - Online Social Media in Crisis Events.pdf:pdf},
issn = {1528-5324},
journal = {Educause Quarterly},
number = {3},
pages = {76--78},
title = {{Online Social Media in Crisis Events}},
url = {http://net.educause.edu/ir/library/pdf/EQM08313.pdf},
volume = {31},
year = {2008}
}
